<record><leader>00000cas a22000007a 4500</leader><controlfield tag="001">22944943</controlfield><controlfield tag="008">910110d19551966mauwr ne      0    0eng d</controlfield><datafield ind1=" " ind2=" " tag="010"><subfield code="a">sn 89063430 </subfield></datafield><datafield ind1=" " ind2=" " tag="040"><subfield code="a">MGN</subfield><subfield code="b">eng</subfield><subfield code="c">MGN</subfield><subfield code="d">OCLCQ</subfield></datafield><datafield ind1=" " ind2=" " tag="042"><subfield code="a">msc</subfield></datafield><datafield ind1="0" ind2=" " tag="130"><subfield code="a">Town crier (Wayland, Mass.)</subfield></datafield><datafield ind1="1" ind2="4" tag="245"><subfield code="a">The town crier.</subfield></datafield><datafield ind1=" " ind2=" " tag="260"><subfield code="a">Wayland, Mass. :</subfield><subfield code="b">Town Crier, Inc.</subfield></datafield><datafield ind1=" " ind2=" " tag="300"><subfield code="a">v.</subfield></datafield><datafield ind1=" " ind2=" " tag="310"><subfield code="a">Weekly,</subfield><subfield code="b">Jan. 17, 1957-1966</subfield></datafield><datafield ind1=" " ind2=" " tag="321"><subfield code="a">Semimonthly,</subfield><subfield code="b">1955-Jan. 3, 1957</subfield></datafield><datafield ind1="0" ind2=" " tag="362"><subfield code="a">Vol. 10, no. 1 (Sept. 29, 1955)-v. 19, no. 24 (June 16, 1966).</subfield></datafield><datafield ind1=" " ind2=" " tag="752"><subfield code="a">United States</subfield><subfield code="b">Massachusetts</subfield><subfield code="c">Middlesex</subfield><subfield code="d">Wayland.</subfield></datafield><datafield ind1=" " ind2=" " tag="752"><subfield code="a">United States</subfield><subfield code="b">Massachusetts</subfield><subfield code="c">Middlesex</subfield><subfield code="d">Weston.</subfield></datafield><datafield ind1="0" ind2="0" tag="780"><subfield code="t">Wayland town crier (Wayland, Mass. : 1951)</subfield><subfield code="w">(DLC)sn 89063429</subfield></datafield><datafield ind1="0" ind2="0" tag="785"><subfield code="t">Wayland Weston town crier (Wayland, Mass. : 1966)</subfield><subfield code="w">(DLC)sn 89063431</subfield></datafield></record>